<record><leader>00000cas a22000007a 4500</leader><controlfield tag="001">19928438</controlfield><controlfield tag="008">890626d19281944nduwr ne      0    0eng d</controlfield><datafield ind1=" " ind2=" " tag="010"><subfield code="a">sn 89074152 </subfield></datafield><datafield ind1=" " ind2=" " tag="040"><subfield code="a">NOP</subfield><subfield code="b">eng</subfield><subfield code="c">NOP</subfield><subfield code="d">OCLCQ</subfield></datafield><datafield ind1=" " ind2=" " tag="042"><subfield code="a">msc</subfield></datafield><datafield ind1="0" ind2="0" tag="245"><subfield code="a">McKenzie County farmer and Watford guide.</subfield></datafield><datafield ind1=" " ind2=" " tag="260"><subfield code="a">Watford City, McKenzie County, N.D. :</subfield><subfield code="b">McKenzie County Farmers Pub. Co.</subfield></datafield><datafield ind1=" " ind2=" " tag="300"><subfield code="a">18 v. :</subfield><subfield code="b">ill.</subfield></datafield><datafield ind1=" " ind2=" " tag="310"><subfield code="a">Weekly</subfield></datafield><datafield ind1="0" ind2=" " tag="362"><subfield code="a">Vol. 19, no. 26 (Apr. 26, 1928)-v. 37, no. 10 (Dec. 21, 1944).</subfield></datafield><datafield ind1=" " ind2=" " tag="500"><subfield code="a">"Official county and city paper."</subfield></datafield><datafield ind1=" " ind2=" " tag="530"><subfield code="a">Available on microfilm from the State Historical Society of North Dakota.</subfield></datafield><datafield ind1=" " ind2=" " tag="752"><subfield code="a">United States</subfield><subfield code="b">North Dakota</subfield><subfield code="c">McKenzie</subfield><subfield code="d">Watford City.</subfield></datafield><datafield ind1="0" ind2="4" tag="780"><subfield code="t">McKenzie County farmer (Arnegard, N.D.)</subfield><subfield code="w">(DLC)sn 89074143</subfield></datafield><datafield ind1="0" ind2="4" tag="780"><subfield code="t">Watford guide</subfield><subfield code="w">(DLC)sn 89074154</subfield></datafield><datafield ind1="0" ind2="0" tag="785"><subfield code="t">McKenzie County farmer (Watford City, N.D.)</subfield><subfield code="w">(DLC)sn 89074153</subfield></datafield></record>